@book {Yong2015,
    AUTHOR = {Yong, Jiongmin},
     TITLE = {Differential games},
      NOTE = {A concise introduction},
 PUBLISHER = {World Scientific Publishing Co. Pte. Ltd., Hackensack, NJ},
      YEAR = {2015},
     PAGES = {xiv+322},
      ISBN = {978-981-4596-22-0},
   MRCLASS = {91-02 (49N70 49N75 91A23)},
  MRNUMBER = {3309274},
MRREVIEWER = {Sa\"{\i}d Hamadene},
       DOI = {10.1142/9121},
       URL = {https://doi.org/10.1142/9121},
}